<record><leader>00000cas a22000007a 4500</leader><controlfield tag="001">14581467</controlfield><controlfield tag="008">861031c19509999wiuwr ne      0    0eng d</controlfield><datafield ind1=" " ind2=" " tag="010"><subfield code="a">sn 86086587 </subfield></datafield><datafield ind1=" " ind2=" " tag="040"><subfield code="a">NPV</subfield><subfield code="b">eng</subfield><subfield code="c">NPV</subfield><subfield code="d">OCLCQ</subfield></datafield><datafield ind1=" " ind2=" " tag="042"><subfield code="a">msc</subfield></datafield><datafield ind1="0" ind2="4" tag="245"><subfield code="a">The Edgerton reporter.</subfield></datafield><datafield ind1="1" ind2="3" tag="246"><subfield code="a">Wisconsin tobacco reporter</subfield></datafield><datafield ind1=" " ind2=" " tag="260"><subfield code="a">Edgerton, Wis. :</subfield><subfield code="b">Reporter Co.,</subfield><subfield code="c">1950-</subfield></datafield><datafield ind1=" " ind2=" " tag="300"><subfield code="a">v.</subfield></datafield><datafield ind1=" " ind2=" " tag="310"><subfield code="a">Weekly</subfield></datafield><datafield ind1="0" ind2=" " tag="362"><subfield code="a">Vol. 78, no. 1 (Oct. 19, 1950)-</subfield></datafield><datafield ind1=" " ind2=" " tag="752"><subfield code="a">United States</subfield><subfield code="b">Wisconsin</subfield><subfield code="c">Rock</subfield><subfield code="d">Edgerton.</subfield></datafield><datafield ind1="0" ind2="0" tag="780"><subfield code="t">Wisconsin tobacco reporter</subfield><subfield code="w">(DLC)sn 86086586</subfield></datafield></record>